<record><leader>00000cas a22000007a 4500</leader><controlfield tag="001">15523729</controlfield><controlfield tag="008">870413d19831984txuwr ne      0    0eng d</controlfield><datafield ind1=" " ind2=" " tag="010"><subfield code="a">sn 87090102 </subfield></datafield><datafield ind1=" " ind2=" " tag="040"><subfield code="a">PPM</subfield><subfield code="b">eng</subfield><subfield code="c">PPM</subfield><subfield code="d">OCLCQ</subfield></datafield><datafield ind1=" " ind2=" " tag="042"><subfield code="a">msc</subfield></datafield><datafield ind1="0" ind2="4" tag="245"><subfield code="a">The Marfa independent.</subfield></datafield><datafield ind1=" " ind2=" " tag="260"><subfield code="a">Marfa, Tex. :</subfield><subfield code="b">Pat Ryan,</subfield><subfield code="c">1983-1984.</subfield></datafield><datafield ind1=" " ind2=" " tag="310"><subfield code="a">Weekly</subfield></datafield><datafield ind1="0" ind2=" " tag="362"><subfield code="a">Vol. 1, no. 1 (Dec. 31, 1983)-v. 1, no. 2 (Jan. 5, 1984).</subfield></datafield><datafield ind1=" " ind2=" " tag="752"><subfield code="a">United States</subfield><subfield code="b">Texas</subfield><subfield code="c">Presidio</subfield><subfield code="d">Marfa.</subfield></datafield><datafield ind1="0" ind2="7" tag="785"><subfield code="t">Big Bend sentinel (Marfa, Tex. : 1939)</subfield><subfield code="w">(DLC)sn 86088999</subfield></datafield><datafield ind1="0" ind2="7" tag="785"><subfield code="t">Marfa independent and the Big Bend sentinel</subfield><subfield code="w">(DLC)sn 87090109</subfield></datafield></record>